@article{bycrypto,
  title   = {A Future-Adaptable Password Scheme},
  author  = {Niels Provos and Mazières David},
  journal = {Proceedings of 1999 USENIX Annual Technical Conference},
  year    = {1999},
  pages   = {81–92}
}

@misc{fette2011websocket,
  title     = {The websocket protocol},
  author    = {Fette, Ian and Melnikov, Alexey},
  year      = {2011},
  publisher = {RFC 6455, December}
}

@inproceedings{hartig2018semantics,
  title     = {Semantics and complexity of GraphQL},
  author    = {Hartig, Olaf and P{\'e}rez, Jorge},
  booktitle = {Proceedings of the 2018 World Wide Web Conference},
  pages     = {1155--1164},
  year      = {2018}
}

@inproceedings{taelman2018graphql,
  title     = {GraphQL-LD: linked data querying with GraphQL},
  author    = {Taelman, Ruben and Vander Sande, Miel and Verborgh, Ruben},
  booktitle = {ISWC2018, the 17th International Semantic Web Conference},
  pages     = {1--4},
  year      = {2018}
}

@misc{rfc7519,
  series       = {Request for Comments},
  number       = 7519,
  howpublished = {RFC 7519},
  publisher    = {RFC Editor},
  doi          = {10.17487/RFC7519},
  url          = {https://rfc-editor.org/rfc/rfc7519.txt},
  author       = {Michael Jones and John Bradley and Nat Sakimura},
  title        = {{JSON Web Token (JWT)}},
  pagetotal    = 30,
  year         = 2015,
  month        = may,
  abstract     = {JSON Web Token (JWT) is a compact, URL-safe means of representing claims to be transferred between two parties. The claims in a JWT are encoded as a JSON object that is used as the payload of a JSON Web Signature (JWS) structure or as the plaintext of a JSON Web Encryption (JWE) structure, enabling the claims to be digitally signed or integrity protected with a Message Authentication Code (MAC) and/or encrypted.}
}

@article{lyh,
  title            = {计算机联锁模拟培训系统},
  author           = {吕永宏 and 刘红燕},
  authoraddress    = {中铁一局电务公司,西安西安通信学院工程师,710054,讲师,710106西安},
  journal          = {铁道通信信号},
  year             = {2007},
  number           = {12},
  pages            = {21-22},
  keywords         = {模拟系统;计算机联锁;培训平台},
  abstract         = {主要介绍了计算机联锁培训系统平台的研制开发。系统依靠计算机技术、控制技术、网络技术,完全模拟计算机联锁设备的显示界面与操作方法,做到与现实设备操作一致,使操作人员如同亲临现场,从而达到使电务工作者能进行培训、演练和开发的目的。},
  isbn/issn        = {1000-7458},
  notes            = {11-1975/u},
  databaseprovider = {cnki}
}

@article{cj,
  title            = {基于仿真技术的铁路计算机联锁培训系统的研究},
  author           = {陈杰;董德存},
  authoraddress    = {同济大学交通运输学院交通信息工程系,同济大学交通运输学院交通信息工程系助工,上海200331,教授,博士生导师,上海200331},
  journal          = {微型电脑应用},
  year             = {2003},
  number           = {05},
  pages            = {11-13+2},
  keywords         = {仿真;联锁;培训系统},
  abstract         = {本文主要介绍了铁路计算机联锁培训系统的基本构成、功能,实现模拟联锁的设计思想、模拟联锁机硬件的设计方案及专家子系统和考试子系统的实现方案。},
  isbn/issn        = {1007-757x},
  notes            = {31-1634/tp},
  databaseprovider = {cnki}
}

@misc{rfc7159,
  series       = {Request for Comments},
  number       = 7159,
  howpublished = {RFC 7159},
  publisher    = {RFC Editor},
  doi          = {10.17487/RFC7159},
  url          = {https://rfc-editor.org/rfc/rfc7159.txt},
  author       = {Tim Bray},
  title        = {{The JavaScript Object Notation (JSON) Data Interchange Format}},
  pagetotal    = 16,
  year         = 2014,
  month        = mar,
  abstract     = {JavaScript Object Notation (JSON) is a lightweight, text-based, language-independent data interchange format. It was derived from the ECMAScript Programming Language Standard. JSON defines a small set of formatting rules for the portable representation of structured data. This document removes inconsistencies with other specifications of JSON, repairs specification errors, and offers experience-based interoperability guidance.}
}

@mastersthesis{石擎宇2014基于图论的联锁程序的研究与设计,
  title  = {基于图论的联锁程序的研究与设计},
  author = {石擎宇},
  year   = {2014},
  school = {兰州交通大学}
}

@misc{rfc4122,
  series       = {Request for Comments},
  number       = 4122,
  howpublished = {RFC 4122},
  publisher    = {RFC Editor},
  doi          = {10.17487/RFC4122},
  url          = {https://rfc-editor.org/rfc/rfc4122.txt},
  author       = {Paul J. Leach and Rich Salz and Michael H. Mealling},
  title        = {{A Universally Unique IDentifier (UUID) URN Namespace}},
  pagetotal    = 32,
  year         = 2005,
  month        = jul,
  abstract     = {This specification defines a Uniform Resource Name namespace for UUIDs (Universally Unique IDentifier), also known as GUIDs (Globally Unique IDentifier). A UUID is 128 bits long, and can guarantee uniqueness across space and time. UUIDs were originally used in the Apollo Network Computing System and later in the Open Software Foundation\textbackslash{}'s (OSF) Distributed Computing Environment (DCE), and then in Microsoft Windows platforms. This specification is derived from the DCE specification with the kind permission of the OSF (now known as The Open Group). Information from earlier versions of the DCE specification have been incorporated into this document. {[}STANDARDS-TRACK{]}}
}

@manual{group2020documentation,
  author    = {The PostgreSQL Global Development Group},
  url       = {https://www.postgresql.org/files/documentation/pdf/13/postgresql-13-A4.pdf},
  editor    = {The PostgreSQL Global Development Group},
  keywords  = {documentation manual postgresql},
  title     = {PostgreSQL 13.3 Documentation},
  year      = 2020,
  pages     = {170-171, 292},
  pagetotal = 2694
}

@misc{twojs,
  url    = {https://two.js.org/#documentation},
  author = {jonobr1},
  title  = {the Two.js Documentation},
  year   = 2020
}

@misc{setinterval,
  url    = {https://developer.mozilla.org/zh-CN/docs/Web/API/WindowOrWorkerGlobalScope/setInterval},
  author = {Mozilla},
  title  = {MDN Web Docs},
  year   = 2021
}

@incollection{casario2011html5,
  title     = {HTML5 local storage},
  author    = {Casario, Marco and Elst, Peter and Brown, Charles and Wormser, Nathalie and Hanquez, Cyril},
  booktitle = {HTML5 Solutions: Essential Techniques for HTML5 Developers},
  pages     = {281--303},
  year      = {2011},
  publisher = {Springer}
}

@incollection{subramanian2019react,
  title     = {React Router},
  author    = {Subramanian, Vasan},
  booktitle = {Pro MERN Stack},
  pages     = {233--265},
  year      = {2019},
  publisher = {Springer}
}

@techreport{interlock2019,
  type   = {Standard},
  title  = {计算机联锁系统人机接口标准（讨论稿）},
  author = {{徐中伟，梅萌，崔新民，师秀霞，黄翌虹，莫运前，韩安平}},
  year   = {2019},
  pages  = {21}
}

@book{车站信号自动控制,
  author    = {徐洪泽},
  title     = {车站信号自动控制},
  publisher = {中国铁道出版社},
  year      = 2019,
  address   = {北京},
  edition   = 1,
  month     = 3,
  isbn      = {9787113139810}
}

@article{intercnki,
  title            = {计算机联锁实训系统建设思考},
  author           = {巩芳;},
  authoraddress    = {南京铁道职业技术学院;},
  journal          = {科技经济导刊},
  year             = {2020},
  volume           = {28},
  number           = {27},
  pages            = {24-25},
  keywords         = {计算机联锁;实训系统;继电器},
  abstract         = {计算机联锁主要是将电器集中的联锁运算核心继电器用微型机算计的软硬件和其他一些电子、继电器件替代,具有故障导向安全性能的实时控制系统。其安全可靠、处理速度快,与继电器集中联锁相比具有十分明显的技术经济优势。对于电务信号维修人员来说,维修的对象不再是继电器,而换成了集成度较高的板卡、元器件等组成的物体,相较与继电联锁来说维修起来更为抽象,无从下手。目前,国内对于计算机联锁的学习和培训来说,缺乏一套对计算机联锁深层次、全方位学习的综合实训系统,因此急需弥补充实。研究开发计算机联锁综合实训系统主要集中以真实计算机联锁为基础研究对象,从计算机联锁的基础知识学习、基础架构、联锁原理、联锁业务操作及联锁的业务逻辑等方面出发,能使学员从不同层次学习和了解计算机联锁。},
  isbn/issn        = {2096-1995},
  notes            = {37-1508/n},
  databaseprovider = {cnki}
}

@mastersthesis{电气化铁路信号计算机联锁实训系统研究与设计,
  title            = {电气化铁路信号计算机联锁实训系统研究与设计},
  author           = {张雨},
  tertiaryauthor   = {邓晓燕;孙海波},
  publisher        = {石家庄铁道大学},
  typeofwork       = {硕士},
  year             = {2019},
  keywords         = {铁路信号;计算机联锁;控制系统;铁路沙盘;qt},
  abstract         = {随着中国铁路基础设施建设的大力推进,对铁路行车安全提出了更高的要求。计算机联锁作为保障行车安全的关键设备,在铁路系统现代化的进程中有着广阔的发展前景。通过研究铁路信号设备的联锁关系及计算机联锁系统的结构特点和层次关系,引入沙盘设备,开发符合实际需要的计算机联锁实训系统,对于铁路相关专业的岗前培训和改善教学质量有着重要的意义。通过研究计算机联锁系统的整体功能需求,着重对计算机联锁操作系统和硬件电路进行设计。在软件设计部分,通过uml建模,构建类并分析类之间的关系,确定需要创建的对象及其属性和操作;在软件的开发过程中,以visualstudio作为开发环境,摒弃传统的mfc框架,采用更为轻便的qt图形框架作为开发工具,用c++面向对象的思想进行编程;根据站场平面布置图、进路联锁表和各对象的存储数据,最终实现对操作界面的开发。在硬件设计部分,首先搭建沙盘,布置信号设备,完成车站的整体布局;然后利用altiumdesigner软件设计电路,完成对信号设备的控制,主要包括},
  databaseprovider = {cnki}
}

@article{zhong2005database,
  title   = {Database Connection Pool Technology and Its Application [J]},
  author  = {Zhong-ke, XIE},
  journal = {Journal of Hunan Light Industry College},
  volume  = {2},
  year    = {2005}
}