@article{bycrypto,
  title   = {A Future-Adaptable Password Scheme},
  author  = {Niels Provos and Mazières David},
  year    = {1999},
  journal = {Proceedings of 1999 USENIX Annual Technical Conference},
  pages   = {81–92},
}